%
%  An example of a bibliographical database for bibTeX
%
%  Recommended software for maintenance of *.bib files:
%    JabRef, http://jabref.sourceforge.net/
%
%  BEWARE:
%
%    *  If a name contains a capital letter, which must be kept such,
%       use curly brackets ({T}hailand, {HIV}).
%
%  ===========================================================================

@BOOK {Gametheory4,
	title = {Game Theory},
    year = {2013},
    publisher = {Emerald Group Publishing Limited},
    author = {O. Guillermo},
    isbn = {978-1781905074},
    edition = {4},
}
@BOOK{AI4Ed,
    title = {Artificial Intelligence
            A Modern Approach
            Fourth Edition },
    year = {2020},
    publisher = {Pearson},
    author = {S. Russell, P. Norvig},
    isbn = {0-13-461099-7}
}

@misc{website:PAGAT_PODKIDNOY_DURAK,
	author = {J. McLeod},
    title = {Podkidnoy Durak},
    month = {March},
    year = {2022},
    url = {https://www.pagat.com/beating/podkidnoy_durak.html}
}

@misc{website:PAGAT_DURAK,
    author = {J. McLeod},
    title = {Durak (Fool)},
    month = {March},
    year = {2022},
    url = {https://www.pagat.com/beating/durak.html}
}

@inproceedings{Bonnet2016TheCO,
  title={The Complexity of Playing Durak},
  author={{\'E}. Bonnet},
  booktitle={IJCAI},
  year={2016}
}

@ARTICLE{MCTSSurvey,
  author={Browne, Cameron B. and Powley, Edward and Whitehouse, Daniel and Lucas, Simon M. and Cowling, Peter I. and Rohlfshagen, Philipp and Tavener, Stephen and Perez, Diego and Samothrakis, Spyridon and Colton, Simon},
  journal={IEEE Transactions on Computational Intelligence and AI in Games}, 
  title={A Survey of Monte Carlo Tree Search Methods}, 
  year={2012},
  volume={4},
  number={1},
  pages={1-43},
  doi={10.1109/TCIAIG.2012.2186810}
}

@inproceedings{PerfectInformationMC,
author = {Long, Jeffrey and Sturtevant, Nathan R. and Buro, Michael and Furtak, Timothy},
title = {Understanding the Success of Perfect Information Monte Carlo Sampling in Game Tree Search},
year = {2010},
publisher = {AAAI Press},
booktitle = {Proceedings of the Twenty-Fourth AAAI Conference on Artificial Intelligence},
pages = {134â€“140},
numpages = {7},
location = {Atlanta, Georgia},
series = {AAAI'10}
}

@ARTICLE{Silver2016MasteringTG,
  title={Mastering the game of Go with deep neural networks and tree search},
  author={David Silver and Aja Huang and Chris J. Maddison and Arthur Guez and L. Sifre and George van den Driessche and Julian Schrittwieser and Ioannis Antonoglou and Vedavyas Panneershelvam and Marc Lanctot and Sander Dieleman and Dominik Grewe and John Nham and Nal Kalchbrenner and Ilya Sutskever and Timothy P. Lillicrap and Madeleine Leach and Koray Kavukcuoglu and Thore Graepel and Demis Hassabis},
  journal={Nature},
  year={2016},
  volume={529},
  pages={484-489}
}

@BOOK{moore_mccabe_craig_2017, 
	place={New York}, 
	title={Introduction to the practice of Statistics}, 
	publisher={W. H. Freeman}, 
	author={Moore, D. S. and McCabe, G. P. and Craig, B. A.}, 
	year={2017}
} 